@phdthesis{guo12,
  author="P.J. Guo",
  title="Software tools to facilitate research programming",
  school="Computer Science, Stanford University", 
  year=2012
  }
   
@inproceedings{shull02,
  author =	 {Shull, Forrest and Basili, Victor and Carver,
                  Jeffrey and Maldonado, Jos\'{e} C. and Travassos,
                  Guilherme Horta and Mendon\c{c}a, Manoel and Fabbri,
                  Sandra},
  title =	 {Replicating Software Engineering Experiments:
                  Addressing the Tacit Knowledge Problem},
  booktitle =	 {ISESE '02: Proceedings of the 2002 International
                  Symposium on Empirical Software Engineering},
  year =	 2002,
  isbn =	 {0-7695-1796-X},
  pages =	 7,
  publisher =	 {IEEE Computer Society},
  address =	 {Washington, DC, USA},
}

 @misc{berra,
  author={Lawrence "Yogi" Berra},  
  note="American baseball player, manager, 1925-"
  }

@article{Pang08,
 author = {Pang, Bo and Lee, Lillian},
 title = {Opinion Mining and Sentiment Analysis},
 journal = {Found. Trends Inf. Retr.},
 issue_date = {January 2008},
 volume = {2},
 number = {1-2},
 month = jan,
 year = {2008},
 issn = {1554-0669},
 pages = {1--135},
 numpages = {135},
 url = {http://dx.doi.org/10.1561/1500000011},
 doi = {10.1561/1500000011},
 acmid = {1454712},
 publisher = {Now Publishers Inc.},
 address = {Hanover, MA, USA},
} 


@inproceedings{rocc71,
 author = {Rocchio, J. J.},
 title="Relevance feedback in information retrieval",
 booktitle={The SMART Retrieval System\&\#8212;Experiments in Automatic Document Processing},
 year = {1971},
 publisher = {Prentice-Hall, Inc.},
 address = {Upper Saddle River, NJ, USA},
} 
  

@inproceedings{me09k,
  title =	 "On the use of Relevance Feedback in IR-based Concept
                  Location ",
  author =	 " G. Gay and S. Haiduc and A. Marcus and Tim Menzies",
  booktitle =	 "IEEE ICSM'09",
  year =	 2009,
  note =	 "Available from
                  \url{http://menzies.us/pdf/09irrf.pdf}",
  class =	 "hC"
}

  @article{Bex20149,
title = "ArguBlogging: An application for the Argument Web ",
journal = "Web Semantics: Science, Services and Agents on the World Wide Web ",
volume = "25",
number = "0",
pages = "9 - 15",
year = "2014",
note = "",
issn = "1570-8268",
doi = "http://dx.doi.org/10.1016/j.websem.2014.02.002",
url = "http://www.sciencedirect.com/science/article/pii/S1570826814000079",
author = "Floris Bex and Mark Snaith and John Lawrence and Chris Reed",
keywords = "Argumentation",
keywords = "Opinions",
keywords = "Blogging",
keywords = "Web Apps "
}

  
@book{popper63,
    title="Conjectures and Refutations",
    author="K. Popper",
    year=1963,
    publisher="Routledge"
    }

@article{MenZimIEEEspft13
  author    = {Tim Menzies and
               Thomas Zimmermann},
  title     = {Software Analytics: So What?},
  journal   = {{IEEE} Software},
  volume    = {30},
  number    = {4},
  pages     = {31--37},
  year      = {2013},
  url       = {http://doi.ieeecomputersociety.org/10.1109/MS.2013.86},
  doi       = {10.1109/MS.2013.86},
  timestamp = {Tue, 02 Jul 2013 13:59:42 +0200},
  biburl    = {http://dblp.uni-trier.de/rec/bib/journals/software/MenziesZ13},
  bibsource = {dblp computer science bibliography, http://dblp.org}
}
  @article{lenta91,
  author    = {Ramanathan V. Guha and
               Douglas B. Lenat},
  title     = {{CYC:} {A} mid-term report},
  journal   = {Applied Artificial Intelligence},
  volume    = {5},
  number    = {1},
  pages     = {45--86},
  year      = {1991},
  url       = {http://dx.doi.org/10.1080/08839519108927917},
  doi       = {10.1080/08839519108927917},
  timestamp = {Mon, 31 Jan 2011 16:58:53 +0100},
  biburl    = {http://dblp.uni-trier.de/rec/bib/journals/aai/GuhaL91},
  bibsource = {dblp computer science bibliography, http://dblp.org}
}
 
 @article{me12d,
  author    = {Tim Menzies and
               Andrew Butcher and
               David R. Cok and
               Andrian Marcus and
               Lucas Layman and
               Forrest Shull and
               Burak Turhan and
               Thomas Zimmermann},
  title     = {Local versus Global Lessons for Defect Prediction and Effort
               Estimation},
  journal   = {IEEE Trans. Software Eng.},
  volume    = {39},
  number    = {6},
  year      = {2013},
  pages     = {822-834},
 class =	 "hJ",
  note =	 "Available from
                  \url{http://menzies.us/pdf/12localb.pdf}",

}

@article{lenat10,
  author    = {Douglas B. Lenat and
               Michael J. Witbrock and
               David Baxter and
               Eugene Blackstone and
               Chris Deaton and
               Dave Schneider and
               Jerry Scott and
               Blake Shepard},
  title     = {Harnessing Cyc to Answer Clinical Researchers' Ad Hoc Queries},
  journal   = {{AI} Magazine},
  volume    = {31},
  number    = {3},
  pages     = {13--32},
  year      = {2010},
  url       = {http://www.aaai.org/ojs/index.php/aimagazine/article/view/2299},
  timestamp = {Mon, 27 Dec 2010 18:44:58 +0100},
  biburl    = {http://dblp.uni-trier.de/rec/bib/journals/aim/LenatWBBDSSS10},
  bibsource = {dblp computer science bibliography, http://dblp.org}
}
